@article{corbett1994knowledge,
  title={Knowledge tracing: Modeling the acquisition of procedural knowledge},
  author={Corbett, Albert T and Anderson, John R},
  journal={User modeling and user-adapted interaction},
  volume={4},
  pages={253--278},
  year={1994},
  publisher={Springer}
}

@inproceedings{pavlik2009performance,
  title={Performance factors analysis--a new alternative to knowledge tracing},
  author={Pavlik, Philip I and Cen, Hao and Koedinger, Kenneth R},
  booktitle={Artificial intelligence in education},
  pages={531--538},
  year={2009},
  organization={Ios Press}
}

@article{graves2012long,
  title={Long short-term memory},
  author={Graves, Alex and Graves, Alex},
  journal={Supervised sequence labelling with recurrent neural networks},
  pages={37--45},
  year={2012},
  publisher={Springer}
}

@inproceedings{choi2020towards,
  title={Towards an appropriate query, key, and value computation for knowledge tracing},
  author={Choi, Youngduck and Lee, Youngnam and Cho, Junghyun and Baek, Jineon and Kim, Byungsoo and Cha, Yeongmin and Shin, Dongmin and Bae, Chan and Heo, Jaewe},
  booktitle={Proceedings of the Seventh ACM Conference on Learning@ Scale},
  pages={341--344},
  year={2020}
}

@inproceedings{ghosh2020context,
  title={Context-aware attentive knowledge tracing},
  author={Ghosh, Aritra and Heffernan, Neil and Lan, Andrew S},
  booktitle={Proceedings of the 26th ACM SIGKDD International Conference on Knowledge Discovery \& Data Mining},
  pages={2330--2339},
  year={2020}
}

@article{liu2023simplekt,
  title={simpleKT: a simple but tough-to-beat baseline for knowledge tracing},
  author={Liu, Zitao and Liu, Qiongqiong and Chen, Jiahao and Huang, Shuyan and Luo, Weiqi},
  journal={arXiv preprint arXiv:2302.06881},
  year={2023}
}

@article{flavell1979metacognition,
  title={Metacognition and cognitive monitoring: A new area of cognitive--developmental inquiry},
  author={Flavell, John H},
  journal={American psychologist},
  volume={34},
  number={10},
  pages={906},
  year={1979},
  publisher={American Psychological Association}
}

@book{piaget1976piaget,
  title={Piaget's theory},
  author={Piaget, Jean},
  year={1976},
  publisher={Springer}
}

@article{craik1972levels,
  title={Levels of processing: A framework for memory research},
  author={Craik, Fergus IM and Lockhart, Robert S},
  journal={Journal of verbal learning and verbal behavior},
  volume={11},
  number={6},
  pages={671--684},
  year={1972},
  publisher={Elsevier}
}

@inproceedings{kipf2017semi,
  title={Semi-supervised classification with graph convolutional networks},
  author={Kipf, Thomas N and Welling, Max},
  booktitle={International Conference on Learning Representations (ICLR)},
  year={2017}
}

@article{stamper2010kdd,
  title={A temporal analysis of student learning trajectories using KDD cup 2010 data},
  author={Stamper, John and Koedinger, Kenneth and Pavlik Jr, Philip and Baker, Ryan and Rossi, Lisa},
  journal={Journal of Educational Data Mining},
  volume={2},
  number={1},
  pages={107--128},
  year={2010}
}

@article{liu2024xes3g5m,
  title={Xes3g5m: A knowledge tracing benchmark dataset with auxiliary information},
  author={Liu, Zitao and Liu, Qiongqiong and Guo, Teng and Chen, Jiahao and Huang, Shuyan and Zhao, Xiangyu and Tang, Jiliang and Luo, Weiqi and Weng, Jian},
  journal={Advances in Neural Information Processing Systems},
  volume={36},
  year={2024}
}

@article{dunlosky2013improving,
  title={Improving students' learning with effective learning techniques: Promising directions from cognitive and educational psychology},
  author={Dunlosky, John and Rawson, Katherine A and Marsh, Elizabeth J and Nathan, Mitchell J and Willingham, Daniel T},
  journal={Psychological Science in the Public Interest},
  volume={14},
  number={1},
  pages={4--58},
  year={2013},
  publisher={SAGE Publications Sage CA: Los Angeles, CA}
}

@book{anderson2000learning,
  title={Learning and memory: An integrated approach},
  author={Anderson, John R},
  year={2000},
  publisher={John Wiley \& Sons Inc}
}

@book{vygotsky1978mind,
  title={Mind in society: The development of higher psychological processes},
  author={Vygotsky, Lev Semenovich},
  year={1978},
  publisher={Harvard university press}
}

@article{marton1976qualitative,
  title={Qualitative differences in learning: Iâ€”Outcome and process},
  author={Marton, Ference and S{\"a}lj{\"o}, Roger},
  journal={British journal of educational psychology},
  volume={46},
  number={1},
  pages={4--11},
  year={1976},
  publisher={Wiley Online Library}
}


@inproceedings{chen2020simple,
  title={A simple framework for contrastive learning of visual representations},
  author={Chen, Ting and Kornblith, Simon and Norouzi, Mohammad and Hinton, Geoffrey},
  booktitle={International conference on machine learning},
  pages={1597--1607},
  year={2020},
  organization={PMLR}
}

@inproceedings{yang2022improving,
  title={Improving knowledge tracing via pre-training question embeddings},
  author={Yang, Yang and Wu, Jian and Wang, Kun and Yang, Wan-Hui and Yang, Yun},
  booktitle={IEEE International Conference on Data Mining},
  pages={1301--1306},
  year={2022},
  organization={IEEE}
}

@inproceedings{sun2023adversarial,
  title={Adversarial Bootstrapped Question Representation Learning for Knowledge Tracing},
  author={Sun, Jianwen and Yu, Fenghua and Liu, Sannyuya and Luo, Yawei and Liang, Ruxia and Shen, Xiaoxuan},
  year={2023}
}

@inproceedings{liu2023robust,
  title={Robust Contrastive Learning for Student Response Time Prediction},
  author={Liu, Chen and Wang, Yu and Zhang, Jia and Wu, Jian},
  booktitle={Proceedings of the 32nd ACM International Conference on Information and Knowledge Management},
  pages={1432--1441},
  year={2023}
}


@inproceedings{liu2023relation,
  title={Relation-Aware Graph Neural Networks for Knowledge Tracing},
  author={Liu, Yong and Cai, Wei and Tang, Weinan and Xu, Jun and Yang, Hanshu and Wang, Rui and Yu, Wenjie},
  booktitle={Proceedings of the AAAI Conference on Artificial Intelligence},
  volume={37},
  number={4},
  pages={4639--4647},
  year={2023}
}

@inproceedings{yang2020gkt,
  title={Graph-based knowledge tracing: modeling student proficiency using graph neural network},
  author={Yang, Yu and Liu, Zhiyun and Zhi, Minzhe and Liu, Haiping and Huang, Kai and Hu, Nianzu and Zhang, Yue},
  booktitle={Proceedings of the 26th ACM SIGKDD International Conference on Knowledge Discovery \& Data Mining},
  pages={1869--1877},
  year={2020}
}


@article{kamalloo2022graph,
  title={Graph Convolutions Enrich the Self-Attention in Transformers!},
  author={Kamalloo, Ehsan and Palm, Rasmus and Teichmann, Martin and Sayres, Rory},
  journal={arXiv preprint arXiv:2210.14310},
  year={2022}
}

@article{piech2015deep,
  title={Deep knowledge tracing},
  author={Piech, Chris and Bassen, Jonathan and Huang, Jonathan and Ganguli, Surya and Sahami, Mehran and Guibas, Leonidas J and Sohl-Dickstein, Jascha},
  journal={Advances in neural information processing systems},
  volume={28},
  year={2015}
}

@inproceedings{yeung2018addressing,
  title={Addressing two problems in deep knowledge tracing via prediction-consistent regularization},
  author={Yeung, Chun-Kit and Yeung, Dit-Yan},
  booktitle={Proceedings of the fifth annual ACM conference on learning at scale},
  pages={1--10},
  year={2018}
}

@inproceedings{nagatani2019augmenting,
  title={Augmenting knowledge tracing by considering forgetting behavior},
  author={Nagatani, Koki and Zhang, Qian and Sato, Masahiro and Chen, Yan-Ying and Chen, Francine and Ohkuma, Tomoko},
  booktitle={The world wide web conference},
  pages={3101--3107},
  year={2019}
}

@inproceedings{lee2019knowledge,
  title={Knowledge query network for knowledge tracing: How knowledge interacts with skills},
  author={Lee, Jinseok and Yeung, Dit-Yan},
  booktitle={Proceedings of the 9th international conference on learning analytics \& knowledge},
  pages={491--500},
  year={2019}
}

@inproceedings{zhang2017dynamic,
  title={Dynamic key-value memory networks for knowledge tracing},
  author={Zhang, Jiani and Shi, Xingjian and King, Irwin and Yeung, Dit-Yan},
  booktitle={Proceedings of the 26th international conference on World Wide Web},
  pages={765--774},
  year={2017}
}

@inproceedings{guo2021enhancing,
  title={Enhancing knowledge tracing via adversarial training},
  author={Guo, Xiaopeng and Huang, Zhijie and Gao, Jie and Shang, Mingyu and Shu, Maojing and Sun, Jun},
  booktitle={Proceedings of the 29th ACM International Conference on Multimedia},
  pages={367--375},
  year={2021}
}

@inproceedings{nakagawa2019graph,
  title={Graph-based knowledge tracing: modeling student proficiency using graph neural network},
  author={Nakagawa, Hiromi and Iwasawa, Yusuke and Matsuo, Yutaka},
  booktitle={IEEE/WIC/ACM International Conference on Web Intelligence},
  pages={156--163},
  year={2019}
}

@article{pandey2019self,
  title={A self-attentive model for knowledge tracing},
  author={Pandey, Shalini and Karypis, George},
  journal={arXiv preprint arXiv:1907.06837},
  year={2019}
}

@inproceedings{abdelrahman2019knowledge,
  title={Knowledge tracing with sequential key-value memory networks},
  author={Abdelrahman, Ghodai and Wang, Qing},
  booktitle={Proceedings of the 42nd international ACM SIGIR conference on research and development in information retrieval},
  pages={175--184},
  year={2019}
}

@inproceedings{wang2021temporal,
  title={Temporal cross-effects in knowledge tracing},
  author={Wang, Chenyang and Ma, Weizhi and Zhang, Min and Lv, Chuancheng and Wan, Fengyuan and Lin, Huijie and Tang, Taoran and Liu, Yiqun and Ma, Shaoping},
  booktitle={Proceedings of the 14th ACM International Conference on Web Search and Data Mining},
  pages={517--525},
  year={2021}
}

@article{yeung2019deep,
  title={Deep-IRT: Make deep learning based knowledge tracing explainable using item response theory},
  author={Yeung, Chun-Kit},
  journal={arXiv preprint arXiv:1904.11738},
  year={2019}
}

@inproceedings{shen2021learning,
  title={Learning process-consistent knowledge tracing},
  author={Shen, Shuanghong and Liu, Qi and Chen, Enhong and Huang, Zhenya and Huang, Wei and Yin, Yu and Su, Yu and Wang, Shijin},
  booktitle={Proceedings of the 27th ACM SIGKDD conference on knowledge discovery \& data mining},
  pages={1452--1460},
  year={2021}
}

@inproceedings{liu2023enhancing,
  title={Enhancing deep knowledge tracing with auxiliary tasks},
  author={Liu, Zitao and Liu, Qiongqiong and Chen, Jiahao and Huang, Shuyan and Gao, Boyu and Luo, Weiqi and Weng, Jian},
  booktitle={Proceedings of the ACM Web Conference 2023},
  pages={4178--4187},
  year={2023}
}

@inproceedings{huang2023towards,
  title={Towards robust knowledge tracing models via k-sparse attention},
  author={Huang, Shuyan and Liu, Zitao and Zhao, Xiangyu and Luo, Weiqi and Weng, Jian},
  booktitle={Proceedings of the 46th International ACM SIGIR Conference on Research and Development in Information Retrieval},
  pages={2441--2445},
  year={2023}
}

@inproceedings{im2023forgetting,
  title={Forgetting-aware Linear Bias for Attentive Knowledge Tracing},
  author={Im, Yoonjin and Choi, Eunseong and Kook, Heejin and Lee, Jongwuk},
  booktitle={Proceedings of the 32nd ACM International Conference on Information and Knowledge Management},
  pages={3958--3962},
  year={2023}
}

@inproceedings{yin2023tracing,
  title={Tracing knowledge instead of patterns: Stable knowledge tracing with diagnostic transformer},
  author={Yin, Yu and Dai, Le and Huang, Zhenya and Shen, Shuanghong and Wang, Fei and Liu, Qi and Chen, Enhong and Li, Xin},
  booktitle={Proceedings of the ACM Web Conference 2023},
  pages={855--864},
  year={2023}
}

@incollection{li2024extending,
  title={Extending Context Window of Attention Based Knowledge Tracing Models via Length Extrapolation},
  author={Li, Xueyi and Bai, Youheng and Guo, Teng and Zheng, Ying and Hou, Mingliang and Zhan, Bojun and Huang, Yaying and Liu, Zitao and Gao, Boyu and Luo, Weiqi},
  booktitle={ECAI 2024},
  pages={1479--1486},
  year={2024},
  publisher={IOS Press}
}

@inproceedings{li2024enhancing,
  title={Enhancing length generalization for attention based knowledge tracing models with linear biases},
  author={Li, Xueyi and Bai, Youheng and Guo, Teng and Liu, Zitao and Huang, Yaying and Zhao, Xiangyu and Xia, Feng and Luo, Weiqi and Weng, Jian},
  booktitle={Proceedings of the Thirty-Third International Joint Conference on Artificial Intelligence (IJCAI-24)},
  pages={5918--5926},
  year={2024}
}

@inproceedings{ma2024hd,
  title={HD-KT: Advancing Robust Knowledge Tracing via Anomalous Learning Interaction Detection},
  author={Ma, Haiping and Yang, Yong and Qin, Chuan and Yu, Xiaoshan and Yang, Shangshang and Zhang, Xingyi and Zhu, Hengshu},
  booktitle={Proceedings of the ACM on Web Conference 2024},
  pages={4479--4488},
  year={2024}
}

@article{chen2024bge,
  title={Bge m3-embedding: Multi-lingual, multi-functionality, multi-granularity text embeddings through self-knowledge distillation},
  author={Chen, Jianlv and Xiao, Shitao and Zhang, Peitian and Luo, Kun and Lian, Defu and Liu, Zheng},
  journal={arXiv preprint arXiv:2402.03216},
  year={2024}
}


@article{kipf2016semi,
  title={Semi-supervised classification with graph convolutional networks},
  author={Kipf, Thomas N and Welling, Max},
  journal={arXiv preprint arXiv:1609.02907},
  year={2016}
}

@article{abdelrahman2023knowledge,
  title={Knowledge tracing: A survey},
  author={Abdelrahman, Ghodai and Wang, Qing and Nunes, Bernardo},
  journal={ACM Computing Surveys},
  volume={55},
  number={11},
  pages={1--37},
  year={2023},
  publisher={ACM New York, NY}
}


@article{paudel2021online,
  title={Online education: Benefits, challenges and strategies during and after COVID-19 in higher education.},
  author={Paudel, Pitambar},
  journal={International Journal on Studies in Education (IJonSE)},
  volume={3},
  number={2},
  year={2021}
}

@article{wu2024demystifying,
  title={Demystifying oversmoothing in attention-based graph neural networks},
  author={Wu, Xinyi and Ajorlou, Amir and Wu, Zihui and Jadbabaie, Ali},
  journal={Advances in Neural Information Processing Systems},
  volume={36},
  year={2024}
}

@article{vaswani2017attention,
  title={Attention is all you need},
  author={Vaswani, A},
  journal={Advances in Neural Information Processing Systems},
  year={2017}
}

@inproceedings{valero2023shap,
  title={A shap-inspired method for computing interaction contribution in deep knowledge tracing},
  author={Valero-Leal, Enrique and Carlon, May Kristine Jonson and Cross, Jeffrey S},
  booktitle={International conference on artificial intelligence in education},
  pages={460--465},
  year={2023},
  organization={Springer}
}

@inproceedings{lu2020towards,
  title={Towards interpretable deep learning models for knowledge tracing},
  author={Lu, Yu and Wang, Deliang and Meng, Qinggang and Chen, Penghe},
  booktitle={Artificial Intelligence in Education: 21st International Conference, AIED 2020, Ifrane, Morocco, July 6--10, 2020, Proceedings, Part II 21},
  pages={185--190},
  year={2020},
  organization={Springer}
}


@inproceedings{pu2022self,
  title={Self-attention in knowledge tracing: Why it works},
  author={Pu, Shi and Becker, Lee},
  booktitle={International Conference on Artificial Intelligence in Education},
  pages={731--736},
  year={2022},
  organization={Springer}
}

@inproceedings{zhan2024knowledge,
  title={Knowledge tracing as language processing: A large-scale autoregressive paradigm},
  author={Zhan, Bojun and Guo, Teng and Li, Xueyi and Hou, Mingliang and Liang, Qianru and Gao, Boyu and Luo, Weiqi and Liu, Zitao},
  booktitle={International Conference on Artificial Intelligence in Education},
  pages={177--191},
  year={2024},
  organization={Springer}
}









@article{liu2022pykt,
  title={pyKT: a python library to benchmark deep learning based knowledge tracing models},
  author={Liu, Zitao and Liu, Qiongqiong and Chen, Jiahao and Huang, Shuyan and Tang, Jiliang and Luo, Weiqi},
  journal={Advances in Neural Information Processing Systems},
  volume={35},
  pages={18542--18555},
  year={2022}
}

@inproceedings{ma2025what,
  title={What are Step-Level Reward Models Rewarding? Counterintuitive Findings from MCTS-boosted Mathematical Reasoning},
  author={Ma, Yiran and Chen, Zui and Liu, Tianqiao and Tian, Mi and Liu, Zhuo and Liu, Zitao and Luo, Weiqi},
  booktitle={Proceedings of the AAAI Conference on Artificial Intelligence},
  year={2025}
}


@inproceedings{azerbayev23llemma,
  title={Llemma: An Open Language Model For Mathematics},
  author={Azerbayev, Zhangir and Schoelkopf, Hailey and Paster, Keiran and Dos Santos, Marco and McAleer, Stephen and Jiang, Albert and Deng, Jia and Biderman, Stella and Welleck, Sean},
  booktitle={The 3rd Workshop on Mathematical Reasoning and AI at NeurIPS'23},
  year={2023}
}


@inproceedings{xucontrastive,
  title={Contrastive Preference Optimization: Pushing the Boundaries of LLM Performance in Machine Translation},
  author={Xu, Haoran and Sharaf, Amr and Chen, Yunmo and Tan, Weiting and Shen, Lingfeng and Van Durme, Benjamin and Murray, Kenton and Kim, Young Jin},
  booktitle={Forty-first International Conference on Machine Learning},
  year={2024}
}

@inproceedings{feng2024ladder,
  title={Ladder: A Model-Agnostic Framework Boosting LLM-based Machine Translation to the Next Level},
  author={Feng, Zhaopeng and Chen, Ruizhe and Zhang, Yan and Meng, Zijie and Liu, Zuozhu},
  booktitle={Proceedings of the 2024 Conference on Empirical Methods in Natural Language Processing},
  pages={15377--15393},
  year={2024}
}

@inproceedings{zheng2024automatic,
  title={Automatic Lesson Plan Generation via Large Language Models with Self-critique Prompting},
  author={Zheng, Ying and Li, Xueyi and Huang, Yaying and Liang, Qianru and Guo, Teng and Hou, Mingliang and Gao, Boyu and Tian, Mi and Liu, Zitao and Luo, Weiqi},
  booktitle={International Conference on Artificial Intelligence in Education},
  pages={163--178},
  year={2024},
  organization={Springer}
}

@inproceedings{li2024chatgpt,
  title={Is ChatGPT a Good Middle School Teacher? An Exploration of its Role in Instructional Design},
  author={Li, Yingzhe and Liu, Jianling and Yang, Shichen},
  booktitle={Proceedings of the 3rd International Conference on New Media Development and Modernized Education, NMDME 2023, October 13--15, 2023, Xiâ€™an, China},
  year={2024}
}


@inproceedings{fan2024lessonplanner,
  title={LessonPlanner: Assisting novice teachers to prepare pedagogy-driven lesson plans with large language models},
  author={Fan, Haoxiang and Chen, Guanzheng and Wang, Xingbo and Peng, Zhenhui},
  booktitle={Proceedings of the 37th Annual ACM Symposium on User Interface Software and Technology},
  pages={1--20},
  year={2024}
}

@article{hu2024teaching,
  title={Teaching Plan Generation and Evaluation With GPT-4: Unleashing the Potential of LLM in Instructional Design},
  author={Hu, Bihao and Zheng, Longwei and Zhu, Jiayi and Ding, Lishan and Wang, Yilei and Gu, Xiaoqing},
  journal={IEEE Transactions on Learning Technologies},
  year={2024},
  publisher={IEEE}
}

@article{achiam2023gpt,
  title={GPT-4 technical report},
  author={Achiam, Josh and Adler, Steven and Agarwal, Sandhini and Ahmad, Lama and Akkaya, Ilge and Aleman, Florencia Leoni and Almeida, Diogo and Altenschmidt, Janko and Altman, Sam and Anadkat, Shyamal and others},
  journal={arXiv preprint arXiv:2303.08774},
  year={2023}
}

@article{touvron2023llama,
  title={Llama: Open and efficient foundation language models},
  author={Touvron, Hugo and Lavril, Thibaut and Izacard, Gautier and Martinet, Xavier and Lachaux, Marie-Anne and Lacroix, Timoth{\'e}e and Rozi{\`e}re, Baptiste and Goyal, Naman and Hambro, Eric and Azhar, Faisal and others},
  journal={arXiv preprint arXiv:2302.13971},
  year={2023}
}


@article{bai2023qwen,
  title={Qwen technical report},
  author={Bai, Jinze and Bai, Shuai and Chu, Yunfei and Cui, Zeyu and Dang, Kai and Deng, Xiaodong and Fan, Yang and Ge, Wenbin and Han, Yu and Huang, Fei and others},
  journal={arXiv preprint arXiv:2309.16609},
  year={2023}
}

@inproceedings{goyal2024healai,
  title={Healai: A healthcare llm for effective medical documentation},
  author={Goyal, Sagar and Rastogi, Eti and Rajagopal, Sree Prasanna and Yuan, Dong and Zhao, Fen and Chintagunta, Jai and Naik, Gautam and Ward, Jeff},
  booktitle={Proceedings of the 17th ACM International Conference on Web Search and Data Mining},
  pages={1167--1168},
  year={2024}
}

@article{cheong2022envisioning,
  title={Envisioning Legal Mitigations for LLM-based Intentional and Unintentional Harms},
  author={Cheong, Inyoung},
  journal={Administrative Law Journal},
  year={2022}
}

@inproceedings{li2023large,
  title={Large language models in finance: A survey},
  author={Li, Yinheng and Wang, Shaofei and Ding, Han and Chen, Hang},
  booktitle={Proceedings of the fourth ACM international conference on AI in finance},
  pages={374--382},
  year={2023}
}

@article{nesari2014important,
  title={The important role of lesson plan on educational achievement of Iranian EFL teachersâ€™ attitudes},
  author={Nesari, Ali Jamali and Heidari, Mina},
  journal={International Journal of Foreign Language Teaching \& Research},
  volume={3},
  number={5},
  pages={25--31},
  year={2014}
}

@article{hadi2023survey,
  title={A survey on large language models: Applications, challenges, limitations, and practical usage},
  author={Hadi, Muhammad Usman and Qureshi, Rizwan and Shah, Abbas and Irfan, Muhammad and Zafar, Anas and Shaikh, Muhammad Bilal and Akhtar, Naveed and Wu, Jia and Mirjalili, Seyedali and others},
  journal={Authorea Preprints},
  year={2023},
  publisher={Authorea}
}

@article{yang2024harnessing,
  title={Harnessing the power of llms in practice: A survey on chatgpt and beyond},
  author={Yang, Jingfeng and Jin, Hongye and Tang, Ruixiang and Han, Xiaotian and Feng, Qizhang and Jiang, Haoming and Zhong, Shaochen and Yin, Bing and Hu, Xia},
  journal={ACM Transactions on Knowledge Discovery from Data},
  volume={18},
  number={6},
  pages={1--32},
  year={2024},
  publisher={ACM New York, NY}
}

@article{xu2024knowledge,
  title={Knowledge conflicts for llms: A survey},
  author={Xu, Rongwu and Qi, Zehan and Guo, Zhijiang and Wang, Cunxiang and Wang, Hongru and Zhang, Yue and Xu, Wei},
  journal={arXiv preprint arXiv:2403.08319},
  year={2024}
}

@article{siddiq2023generate,
  title={Generate and pray: Using sallms to evaluate the security of llm generated code},
  author={Siddiq, Mohammed Latif and Santos, Joanna CS},
  journal={arXiv preprint arXiv:2311.00889},
  year={2023}
}

@article{zhang2023well,
  title={How well does llm generate security tests?},
  author={Zhang, Ying and Song, Wenjia and Ji, Zhengjie and Meng, Na and others},
  journal={arXiv preprint arXiv:2310.00710},
  year={2023}
}

@article{nejjar2023llms,
  title={Llms for science: Usage for code generation and data analysis},
  author={Nejjar, Mohamed and Zacharias, Luca and Stiehle, Fabian and Weber, Ingo},
  journal={Journal of Software: Evolution and Process},
  pages={e2723},
  year={2023},
  publisher={Wiley Online Library}
}

@article{ye2024physics,
  title={Physics of Language Models: Part 2.2, How to Learn From Mistakes on Grade-School Math Problems},
  author={Ye, Tian and Xu, Zicheng and Li, Yuanzhi and Allen-Zhu, Zeyuan},
  journal={arXiv preprint arXiv:2408.16293},
  year={2024}
}

@misc{chandler2024detectingerrorsensemblingprompts,
      title={Detecting Errors through Ensembling Prompts (DEEP): An End-to-End LLM Framework for Detecting Factual Errors}, 
      author={Alex Chandler and Devesh Surve and Hui Su},
      year={2024},
      eprint={2406.13009},
      archivePrefix={arXiv},
      primaryClass={cs.CL},
      url={https://arxiv.org/abs/2406.13009}, 
}

@misc{toma2024wanglabmediqacorr2024optimized,
      title={WangLab at MEDIQA-CORR 2024: Optimized LLM-based Programs for Medical Error Detection and Correction}, 
      author={Augustin Toma and Ronald Xie and Steven Palayew and Patrick R. Lawler and Bo Wang},
      year={2024},
      eprint={2404.14544},
      archivePrefix={arXiv},
      primaryClass={cs.CL},
      url={https://arxiv.org/abs/2404.14544}, 
}

@article{lewis2020retrieval,
  title={Retrieval-augmented generation for knowledge-intensive nlp tasks},
  author={Lewis, Patrick and Perez, Ethan and Piktus, Aleksandra and Petroni, Fabio and Karpukhin, Vladimir and Goyal, Naman and K{\"u}ttler, Heinrich and Lewis, Mike and Yih, Wen-tau and Rockt{\"a}schel, Tim and others},
  journal={Advances in Neural Information Processing Systems},
  volume={33},
  pages={9459--9474},
  year={2020}
}

@inproceedings{DBLP2024BlendFilter,
  author       = {Haoyu Wang and
                  Ruirui Li and
                  Haoming Jiang and
                  Jinjin Tian and
                  Zhengyang Wang and
                  Chen Luo and
                  Xianfeng Tang and
                  Monica Xiao Cheng and
                  Tuo Zhao and
                  Jing Gao},
  title        = {BlendFilter: Advancing Retrieval-Augmented Large Language Models via
                  Query Generation Blending and Knowledge Filtering},
  booktitle    = {Proceedings of the 2024 Conference on Empirical Methods in Natural
                  Language Processing, {EMNLP} 2024, Miami, FL, USA, November 12-16,
                  2024},
  pages        = {1009--1025},
  publisher    = {Association for Computational Linguistics},
  year         = {2024},
  url          = {https://aclanthology.org/2024.emnlp-main.58}
}

@article{xie2025using,
  title={Using LLM-supported lecture summarization system to improve knowledge recall and student satisfaction},
  author={Xie, Tao and Kuang, Yuanyuan and Tang, Ying and Liao, Jian and Yang, Yunong},
  journal={Expert Systems with Applications},
  pages={126371},
  year={2025},
  publisher={Elsevier}
}

@article{ko2024evidence,
  title={Evidence-Focused Fact Summarization for Knowledge-Augmented Zero-Shot Question Answering},
  author={Ko, Sungho and Cho, Hyunjin and Chae, Hyungjoo and Yeo, Jinyoung and Lee, Dongha},
  journal={arXiv preprint arXiv:2403.02966},
  year={2024}
}

@inproceedings{zhang2024beyond,
  title={Beyond Relevant Documents: A Knowledge-Intensive Approach for Query-Focused Summarization Using Large Language Models},
  author={Zhang, Weijia and Huang, Jia-Hong and Vakulenko, Svitlana and Xu, Yumo and Rajapakse, Thilina and Kanoulas, Evangelos},
  booktitle={International Conference on Pattern Recognition},
  pages={89--104},
  year={2024}
}

@inproceedings{han2024ibsen,
  title={IBSEN: Director-Actor Agent Collaboration for Controllable and Interactive Drama Script Generation},
  author={Han, Senyu and Chen, Lu and Lin, Li-Min and Xu, Zhengshan and Yu, Kai},
  booktitle={Proceedings of the 62nd Annual Meeting of the Association for Computational Linguistics (Volume 1: Long Papers)},
  pages={1607--1619},
  year={2024}
}

@INPROCEEDINGS{10802322,
  author={Kannan, Shyam Sundar and Venkatesh, Vishnunandan L. N. and Min, Byung-Cheol},
  booktitle={2024 IEEE/RSJ International Conference on Intelligent Robots and Systems (IROS)}, 
  title={SMART-LLM: Smart Multi-Agent Robot Task Planning using Large Language Models}, 
  year={2024},
  volume={},
  number={},
  pages={12140-12147},
  keywords={Codes;Large language models;Benchmark testing;Planning;Complexity theory;Resource management;Intelligent robots;Videos},
  doi={10.1109/IROS58592.2024.10802322}}

@article{yang2024qwen2,
  title={Qwen2 technical report},
  author={Yang, An and Yang, Baosong and Hui, Binyuan and Zheng, Bo and Yu, Bowen and Zhou, Chang and Li, Chengpeng and Li, Chengyuan and Liu, Dayiheng and Huang, Fei and others},
  journal={arXiv preprint arXiv:2407.10671},
  year={2024}
}

@article{glm2024chatglm,
  title={ChatGLM: A Family of Large Language Models from GLM-130B to GLM-4 All Tools},
  author={GLM, Team and Zeng, Aohan and Xu, Bin and Wang, Bowen and Zhang, Chenhui and Yin, Da and Rojas, Diego and Feng, Guanyu and Zhao, Hanlin and Lai, Hanyu and others},
  journal={arXiv preprint arXiv:2406.12793},
  year={2024}
}

@inproceedings{lin2004looking,
  title={Looking for a few good metrics: ROUGE and its evaluation},
  author={Lin, Chin-Yew and Och, FJ},
  booktitle={Ntcir workshop},
  year={2004}
}

@inproceedings{papineni2002bleu,
  title={Bleu: a method for automatic evaluation of machine translation},
  author={Papineni, Kishore and Roukos, Salim and Ward, Todd and Zhu, Wei-Jing},
  booktitle={Proceedings of the 40th annual meeting of the Association for Computational Linguistics},
  pages={311--318},
  year={2002}
}

@article{fleiss1971measuring,
  title={Measuring nominal scale agreement among many raters.},
  author={Fleiss, Joseph L},
  journal={Psychological bulletin},
  volume={76},
  number={5},
  pages={378},
  year={1971},
  publisher={American Psychological Association}
}
